% This file was created with JabRef 2.3.
% Encoding: ISO-8859-1

